<?xml version="1.0" encoding="UTF-8"?>
<PymtInit:initiateOutwardCrdtTrnsfrReq xmlns:ns="http://www.sc.com/SCBML-1" xmlns:PymtInit="http://www.sc.com/Cash/Pymt/v1/PymtInit" xmlns:CstmrCdtTrfInitn02="urn:cash:std:xsd:CstmrCdtTrfInitn01" xmlns:head_001="urn:iso:std:iso:20022:tech:xsd:head.001.001.01" xmlns:pain_001="urn:iso:std:iso:20022:tech:xsd:pain.001.001.06" xmlns:supp_pain001="urn:cash:std:xsd:supp.pain.001.v1">
  <ns:header>
    <ns:messageDetails>
      <ns:messageVersion>1.0</ns:messageVersion>
      <ns:messageType>
        <ns:typeName>Cash:PaymentInitiation</ns:typeName>
        <ns:subType>
          <ns:subTypeName>InitiateOutwardCreditTransfers</ns:subTypeName>
        </ns:subType>
      </ns:messageType>
      <ns:multiMessage>
        <ns:multiMessageKnown>
          <ns:multiMessageCount>0</ns:multiMessageCount>
          <ns:messagePosition>0</ns:messagePosition>
          <ns:messageOrder>FIFO</ns:messageOrder>
        </ns:multiMessageKnown>
      </ns:multiMessage>
    </ns:messageDetails>
    <ns:originationDetails>
      <ns:messageSender>
        <ns:messageSender>IBANK</ns:messageSender>
        <ns:senderDomain>
          <ns:domainName>Cash</ns:domainName>
          <ns:subDomainName>
            <ns:subDomainType>Payments</ns:subDomainType>
          </ns:subDomainName>
        </ns:senderDomain>
        <ns:countryCode>HK</ns:countryCode>
      </ns:messageSender>
      <ns:messageTimestamp>2019-05-16T09:44:29</ns:messageTimestamp>
      <ns:initiatedTimestamp>2019-05-16T09:44:29</ns:initiatedTimestamp>
      <ns:trackingId>0000000-0000-0000-1905-160944105700</ns:trackingId>
      <ns:possibleDuplicate>false</ns:possibleDuplicate>
    </ns:originationDetails>
    <ns:captureSystem>STS</ns:captureSystem>
    <ns:process>
      <ns:eventType>Request</ns:eventType>
    </ns:process>
  </ns:header>
  <PymtInit:initiateOutwardCrdtTrnsfrReqPayload>
    <PymtInit:payloadFormat>XML</PymtInit:payloadFormat>
    <PymtInit:payloadVersion>1.3</PymtInit:payloadVersion>
    <PymtInit:paymentInitiatePayload>
      <PymtInit:payloadHeader>
        <PymtInit:countryCode>HK</PymtInit:countryCode>
        <PymtInit:paymentProcessingSystem>STS</PymtInit:paymentProcessingSystem>
        <PymtInit:paymentType>IBFT</PymtInit:paymentType>
        <PymtInit:paymentInitiationSystem>IBK</PymtInit:paymentInitiationSystem>
      </PymtInit:payloadHeader>
      <PymtInit:CstmrCdtTrfInitn02Payload>
        <CstmrCdtTrfInitn02:CstmrCdtTrfInitn02>
          <CstmrCdtTrfInitn02:Header>
            <head_001:CharSet>UTF-8</head_001:CharSet>
            <head_001:Fr>
              <head_001:OrgId>
                <head_001:Nm>IBK</head_001:Nm>
                <head_001:CtryOfRes>HK</head_001:CtryOfRes>
              </head_001:OrgId>
            </head_001:Fr>
            <head_001:To>
              <head_001:OrgId>
                <head_001:Nm>STS</head_001:Nm>
              </head_001:OrgId>
            </head_001:To>
            <head_001:BizMsgIdr>0000000-0000-0000-1905-160944105700</head_001:BizMsgIdr>
            <head_001:MsgDefIdr>CstmrCdtTrfInitn02</head_001:MsgDefIdr>
            <head_001:BizSvc>PaymentInitiation</head_001:BizSvc>
            <head_001:CreDt>2019-05-16T09:44:29</head_001:CreDt>
          </CstmrCdtTrfInitn02:Header>
          <CstmrCdtTrfInitn02:Version></CstmrCdtTrfInitn02:Version>
          <CstmrCdtTrfInitn02:Document>
            <CstmrCdtTrfInitn02:CstmrCdtTrfInitn>
              <CstmrCdtTrfInitn02:GrpHdr>
                <pain_001:MsgId>0000000-0000-0000-1905-160944105700</pain_001:MsgId>
                <pain_001:CreDtTm>2019-05-16T09:44:29</pain_001:CreDtTm>
                <pain_001:NbOfTxs>1</pain_001:NbOfTxs>
                <pain_001:CtrlSum>1.06</pain_001:CtrlSum>
                <pain_001:InitgPty>
                  <pain_001:Nm>IBK</pain_001:Nm>
                  <pain_001:Id>
                    <pain_001:PrvtId>
                      <pain_001:Othr>
                        <pain_001:Id></pain_001:Id>
                        <pain_001:SchmeNm>
                          <pain_001:Prtry></pain_001:Prtry>
                        </pain_001:SchmeNm>
                      </pain_001:Othr>
                    </pain_001:PrvtId>
                  </pain_001:Id>
                </pain_001:InitgPty>
              </CstmrCdtTrfInitn02:GrpHdr>
              <CstmrCdtTrfInitn02:PmtInf>
                <CstmrCdtTrfInitn02:PmtInfId>0000000-0000-0000-1905-160944105700</CstmrCdtTrfInitn02:PmtInfId>
                <CstmrCdtTrfInitn02:PmtMtd>TRF</CstmrCdtTrfInitn02:PmtMtd>
                <CstmrCdtTrfInitn02:PmtTpInf>
                  <pain_001:SvcLvl>
                    <pain_001:Cd>SDVA</pain_001:Cd>
                  </pain_001:SvcLvl>
                  <pain_001:LclInstrm>
                    <pain_001:Prtry>IBFT</pain_001:Prtry>
                  </pain_001:LclInstrm>
                  <pain_001:CtgyPurp>
                    <pain_001:Prtry>PTF</pain_001:Prtry>
                  </pain_001:CtgyPurp>
                </CstmrCdtTrfInitn02:PmtTpInf>
                <CstmrCdtTrfInitn02:ReqdExctnDt>2019-05-16</CstmrCdtTrfInitn02:ReqdExctnDt>
                <CstmrCdtTrfInitn02:Dbtr>
                  <pain_001:Nm>PRABHAKARAN VISHNU</pain_001:Nm>
                  <pain_001:PstlAdr>
                    <pain_001:TwnNm>HKG</pain_001:TwnNm>
                    <pain_001:Ctry>HK</pain_001:Ctry>
                  </pain_001:PstlAdr>
                </CstmrCdtTrfInitn02:Dbtr>
                <CstmrCdtTrfInitn02:DbtrAcct>
                  <pain_001:Id>
                    <pain_001:Othr>
                      <pain_001:Id>41819939054</pain_001:Id>
                    </pain_001:Othr>
                  </pain_001:Id>
                  <pain_001:Ccy>HKD</pain_001:Ccy>
                </CstmrCdtTrfInitn02:DbtrAcct>
                <CstmrCdtTrfInitn02:DbtrAgt>
                  <pain_001:FinInstnId>
                    <pain_001:BICFI>003</pain_001:BICFI>
                    <pain_001:Nm>STANDARD CHARTERED BANK (HONG KONG) LIMITED</pain_001:Nm>
                    <pain_001:PstlAdr>
                      <pain_001:AdrLine></pain_001:AdrLine>
                    </pain_001:PstlAdr>
                    <pain_001:Othr>
                      <pain_001:Id>003</pain_001:Id>
                    </pain_001:Othr>
                  </pain_001:FinInstnId>
                </CstmrCdtTrfInitn02:DbtrAgt>
                <CstmrCdtTrfInitn02:CdtTrfTxInf>
                  <CstmrCdtTrfInitn02:InstrForDbtrAgt>Transferscbfpstransfertoproxyforverifica</CstmrCdtTrfInitn02:InstrForDbtrAgt>
                  <CstmrCdtTrfInitn02:CdtrAgt>
                    <CstmrCdtTrfInitn02:FinInstnId>
                      <pain_001:MmbId>003</pain_001:MmbId>
                    </CstmrCdtTrfInitn02:FinInstnId>
                  </CstmrCdtTrfInitn02:CdtrAgt>
                  <CstmrCdtTrfInitn02:PmtId>
                    <pain_001:InstrId></pain_001:InstrId>
                    <pain_001:EndToEndId>0000000-0000-0000-1905-160944105700</pain_001:EndToEndId>
                  </CstmrCdtTrfInitn02:PmtId>
                  <CstmrCdtTrfInitn02:Amt>
                    <pain_001:InstdAmt Ccy="HKD">1.06</pain_001:InstdAmt>
                  </CstmrCdtTrfInitn02:Amt>
                  <CstmrCdtTrfInitn02:ChrgBr>SLEV</CstmrCdtTrfInitn02:ChrgBr>
                  <CstmrCdtTrfInitn02:ChqInstr>
                    <pain_001:DlvryMtd>
                      <pain_001:Cd></pain_001:Cd>
                    </pain_001:DlvryMtd>
                    <pain_001:UltmtDbtr>
                      <pain_001:Nm></pain_001:Nm>
                      <pain_001:PstlAdr>
                        <pain_001:AdrLine></pain_001:AdrLine>
                      </pain_001:PstlAdr>
                      <pain_001:Id>
                        <pain_001:OrgId>
                          <pain_001:Othr>
                            <pain_001:Id></pain_001:Id>
                          </pain_001:Othr>
                        </pain_001:OrgId>
                      </pain_001:Id>
                    </pain_001:UltmtDbtr>
                  </CstmrCdtTrfInitn02:ChqInstr>
                  <CstmrCdtTrfInitn02:Cdtr>
                    <pain_001:Nm>MISC C/A-HKCI A/C 3</pain_001:Nm>
                    <pain_001:PstlAdr>
                      <pain_001:AdrLine></pain_001:AdrLine>
                    </pain_001:PstlAdr>
                    <pain_001:CtctDtls></pain_001:CtctDtls>
                  </CstmrCdtTrfInitn02:Cdtr>
                  <CstmrCdtTrfInitn02:CdtrAcct>
                    <pain_001:Id>
                      <pain_001:Othr>
                        <pain_001:Id></pain_001:Id>
                      </pain_001:Othr>
                    </pain_001:Id>
                    <pain_001:Tp>
                      <pain_001:Prtry>SVID</pain_001:Prtry>
                    </pain_001:Tp>
                  </CstmrCdtTrfInitn02:CdtrAcct>
                  <CstmrCdtTrfInitn02:RmtInf>
                    <pain_001:Ustrd>                                                                      QRPTM</pain_001:Ustrd>
                  </CstmrCdtTrfInitn02:RmtInf>
                  <CstmrCdtTrfInitn02:Purp>
                    <pain_001:Cd>CXMRCH</pain_001:Cd>
                  </CstmrCdtTrfInitn02:Purp>
                  <CstmrCdtTrfInitn02:SplmtryData>
                    <supp_pain001:Envlp>
                      <supp_pain001:Document>
                        <supp_pain001:CstmrCdtTrfInitnXtnsn>
                          <supp_pain001:DbtrAcctXtnsn>
                            <supp_pain001:SysSpecId>
                              <supp_pain001:AccTp>BBAN</supp_pain001:AccTp>
                            </supp_pain001:SysSpecId>
                          </supp_pain001:DbtrAcctXtnsn>
                          <supp_pain001:AmtXtnsn>
                            <supp_pain001:Rcrd>
                              <supp_pain001:CdtDbtInd></supp_pain001:CdtDbtInd>
                            </supp_pain001:Rcrd>
                          </supp_pain001:AmtXtnsn>
                          <supp_pain001:CdtrXtnsn>
                            <supp_pain001:NmLL>
                              <supp_pain001:Occurence></supp_pain001:Occurence>
                            </supp_pain001:NmLL>
                          </supp_pain001:CdtrXtnsn>
                          <supp_pain001:CdtrAcctXtnsn>
                            <supp_pain001:LookupInfo>
                              <supp_pain001:AccountId>4487153</supp_pain001:AccountId>
                              <supp_pain001:BankCode>003</supp_pain001:BankCode>
                            </supp_pain001:LookupInfo>
                            <supp_pain001:Misc>
                              <supp_pain001:ReferenceId1></supp_pain001:ReferenceId1>
                              <supp_pain001:ReferenceId2>F0039926031870174648</supp_pain001:ReferenceId2>
                              <supp_pain001:ReferenceId3>CORP</supp_pain001:ReferenceId3>
                              <supp_pain001:ReferenceId4>MISC C/A-HKCI A/C 3</supp_pain001:ReferenceId4>
                              <supp_pain001:ReferenceId5>MISC C/A-HKCI A/C 3</supp_pain001:ReferenceId5>
                            </supp_pain001:Misc>
                          </supp_pain001:CdtrAcctXtnsn>
                        </supp_pain001:CstmrCdtTrfInitnXtnsn>
                      </supp_pain001:Document>
                    </supp_pain001:Envlp>
                  </CstmrCdtTrfInitn02:SplmtryData>
                </CstmrCdtTrfInitn02:CdtTrfTxInf>
              </CstmrCdtTrfInitn02:PmtInf>
            </CstmrCdtTrfInitn02:CstmrCdtTrfInitn>
          </CstmrCdtTrfInitn02:Document>
        </CstmrCdtTrfInitn02:CstmrCdtTrfInitn02>
      </PymtInit:CstmrCdtTrfInitn02Payload>
    </PymtInit:paymentInitiatePayload>
  </PymtInit:initiateOutwardCrdtTrnsfrReqPayload>
</PymtInit:initiateOutwardCrdtTrnsfrReq>